@book{LiepmannRoshko2002,
    address = {New York},
    author = {Liepmann, H. W. and Roshko, A},
    publisher = {Dover},
    title = {Elements of Gasdynamics},
    year = {2002}
}

@techreport{NASA-TR-R-132,
    author = {Svehla, R. A.},
    howpublished = {Nasa Technical Report},
    institution = {Glenn Research Center},
    journal = {NASA Technical Report},
    month = {January},
    number = {R-132},
    organization = {Nasa},
    title = {Estimated Viscosities and Thermal Conductivities of Gases at High Temperatures},
    url = {http://ntrs.nasa.gov/search.jsp?R=1020958&#38;id=6&#38;qs=Ntt%3DSvhela%26Ntk%3DAuthorList%26Ntx%3Dmode%2520matchall%26N%3D0%26Ns%3DHarvestDate%257c1},
    year = {1962}
}
